<?xml version="1.0" encoding="UTF-8"?>
<record>
  <leader>01122cam a2200349 c 4500</leader>
  <controlfield tag="003">DE-605</controlfield>
  <controlfield tag="005">20250822135759.0</controlfield>
  <controlfield tag="007">tu</controlfield>
  <controlfield tag="008">250822s1934    gw ||||| m    00| | ger c</controlfield>
  <controlfield tag="001">99376075559506441</controlfield>
  <datafield tag="015" ind1=" " ind2=" ">
    <subfield code="a">00,L01</subfield>
    <subfield code="2">dnb</subfield>
  </datafield>
  <datafield tag="016" ind1="7" ind2=" ">
    <subfield code="a">L350270023</subfield>
    <subfield code="2">DE-101</subfield>
  </datafield>
  <datafield tag="016" ind1="7" ind2=" ">
    <subfield code="a">720811918</subfield>
    <subfield code="2">(OCoLC)</subfield>
  </datafield>
  <datafield tag="035" ind1=" " ind2=" ">
    <subfield code="a">(DE-605)HT031258369</subfield>
  </datafield>
  <datafield tag="040" ind1=" " ind2=" ">
    <subfield code="a">DE-38M</subfield>
    <subfield code="b">ger</subfield>
    <subfield code="c">DE-38M</subfield>
    <subfield code="d">DE-38M</subfield>
    <subfield code="e">rda</subfield>
  </datafield>
  <datafield tag="041" ind1=" " ind2=" ">
    <subfield code="a">ger</subfield>
  </datafield>
  <datafield tag="044" ind1=" " ind2=" ">
    <subfield code="c">XA-DXDE</subfield>
  </datafield>
  <datafield tag="100" ind1="1" ind2=" ">
    <subfield code="a">Guttmann, Beate</subfield>
    <subfield code="d">1911-</subfield>
    <subfield code="0">(DE-588)12533642X</subfield>
    <subfield code="4">aut</subfield>
    <subfield code="0">https://d-nb.info/gnd/12533642X</subfield>
    <subfield code="0">http://viaf.org/viaf/52648570</subfield>
    <subfield code="B">GND-12533642X</subfield>
  </datafield>
  <datafield tag="245" ind1="1" ind2="0">
    <subfield code="a">Studien zum biologischen Giftnachweis an der Maus</subfield>
    <subfield code="c">vorgelegt von Beate Guttmann</subfield>
  </datafield>
  <datafield tag="264" ind1=" " ind2="3">
    <subfield code="a">Tübingen</subfield>
    <subfield code="b">Becht</subfield>
    <subfield code="c">1934</subfield>
  </datafield>
  <datafield tag="300" ind1=" " ind2=" ">
    <subfield code="a">26 Seiten</subfield>
  </datafield>
  <datafield tag="336" ind1=" " ind2=" ">
    <subfield code="b">txt</subfield>
  </datafield>
  <datafield tag="337" ind1=" " ind2=" ">
    <subfield code="b">n</subfield>
  </datafield>
  <datafield tag="338" ind1=" " ind2=" ">
    <subfield code="b">nc</subfield>
  </datafield>
  <datafield tag="035" ind1=" " ind2=" ">
    <subfield code="a">(DE-627)1417860995</subfield>
  </datafield>
  <datafield tag="035" ind1=" " ind2=" ">
    <subfield code="a">(DE-576)347860990</subfield>
  </datafield>
  <datafield tag="035" ind1=" " ind2=" ">
    <subfield code="a">(DE-599)BSZ347860990</subfield>
  </datafield>
  <datafield tag="035" ind1=" " ind2=" ">
    <subfield code="a">(OCoLC)720811918</subfield>
  </datafield>
  <datafield tag="710" ind1="2" ind2=" ">
    <subfield code="a">Eberhard Karls Universität Tübingen</subfield>
    <subfield code="0">(DE-588)36187-2</subfield>
    <subfield code="4">dgg</subfield>
    <subfield code="0">https://d-nb.info/gnd/000361879</subfield>
    <subfield code="0">http://viaf.org/viaf/141412593</subfield>
    <subfield code="B">GND-000361879</subfield>
  </datafield>
  <datafield tag="751" ind1=" " ind2=" ">
    <subfield code="a">Tübingen</subfield>
    <subfield code="0">(DE-588)4061147-4</subfield>
    <subfield code="4">uvp</subfield>
    <subfield code="0">https://d-nb.info/gnd/040611477</subfield>
    <subfield code="B">GND-040611477</subfield>
  </datafield>
  <datafield tag="655" ind1=" " ind2="7">
    <subfield code="a">Hochschulschrift</subfield>
    <subfield code="0">(DE-588)4113937-9</subfield>
    <subfield code="2">gnd-content</subfield>
  </datafield>
  <datafield tag="502" ind1=" " ind2=" ">
    <subfield code="b">Dissertation</subfield>
    <subfield code="c">Eberhard-Karls-Universität zu Tübingen</subfield>
    <subfield code="d">1934</subfield>
    <subfield code="o">U 34.2412</subfield>
  </datafield>
  <datafield tag="MBD" ind1=" " ind2=" ">
    <subfield code="M">49HBZ_NETWORK</subfield>
    <subfield code="i">99376075559506441</subfield>
    <subfield code="n">HBZ Network</subfield>
  </datafield>
  <datafield tag="MBD" ind1=" " ind2=" ">
    <subfield code="M">49HBZ_ZBM</subfield>
    <subfield code="i">991013999320906472</subfield>
    <subfield code="n">ZB MED</subfield>
  </datafield>
  <datafield tag="MNG" ind1=" " ind2=" ">
    <subfield code="c">System</subfield>
    <subfield code="f">K10PLUS NZ</subfield>
    <subfield code="i">marc21</subfield>
    <subfield code="l">57</subfield>
    <subfield code="k">01</subfield>
    <subfield code="e">false</subfield>
    <subfield code="d">2026-02-05 12:54:57 Europe/Berlin</subfield>
    <subfield code="g">99376075559506441</subfield>
    <subfield code="j">60</subfield>
    <subfield code="a">Sawatzky######49HBZ_ZBM</subfield>
    <subfield code="b">2025-08-22 13:55:07 Europe/Berlin</subfield>
  </datafield>
  <datafield tag="H52" ind1="8" ind2=" ">
    <subfield code="b">KOELN</subfield>
    <subfield code="c">V_Eu_Diss</subfield>
    <subfield code="h">Eu. Dis. Tübingen 1934: Guttmann</subfield>
    <subfield code="8">22156452010006472</subfield>
  </datafield>
  <datafield tag="HOL" ind1=" " ind2=" ">
    <subfield code="d">2025-08-22 11:55:52</subfield>
    <subfield code="8">22156452010006472</subfield>
    <subfield code="b">2025-08-22 11:55:47</subfield>
    <subfield code="M">49HBZ_ZBM</subfield>
    <subfield code="g">false</subfield>
    <subfield code="a">Sawatzky</subfield>
    <subfield code="c">Sawatzky</subfield>
  </datafield>
  <datafield tag="ITM" ind1=" " ind2=" ">
    <subfield code="H">22156452010006472</subfield>
    <subfield code="x">V_Eu_Diss</subfield>
    <subfield code="f">PHDTHESIS</subfield>
    <subfield code="v">V_Eu_Diss</subfield>
    <subfield code="p">L</subfield>
    <subfield code="X">Sawatzky</subfield>
    <subfield code="U">2025-08-22 13:56:26 Europe/Berlin</subfield>
    <subfield code="Y">2025-08-22 13:56:26 Europe/Berlin</subfield>
    <subfield code="M">49HBZ_ZBM</subfield>
    <subfield code="s">1</subfield>
    <subfield code="d">8</subfield>
    <subfield code="V">Sawatzky</subfield>
    <subfield code="b">4683756-01</subfield>
    <subfield code="a">23156451990006472</subfield>
    <subfield code="c">Eu. Dis. Tübingen 1934: Guttmann</subfield>
    <subfield code="W">2025-08-22 13:56:26 Europe/Berlin</subfield>
    <subfield code="u">KOELN</subfield>
    <subfield code="w">KOELN</subfield>
  </datafield>
  <datafield tag="GSI" ind1="7" ind2=" ">
    <subfield code="a">4061147-4</subfield>
    <subfield code="0">http://d-nb.info/gnd/4061147-4</subfield>
    <subfield code="2">gnd</subfield>
    <subfield code="A">GND</subfield>
    <subfield code="B">GND-040611477</subfield>
    <subfield code="C">024</subfield>
  </datafield>
  <datafield tag="GSI" ind1="7" ind2=" ">
    <subfield code="a">2820860</subfield>
    <subfield code="2">geonames</subfield>
    <subfield code="A">GND</subfield>
    <subfield code="B">GND-040611477</subfield>
    <subfield code="C">024</subfield>
  </datafield>
  <datafield tag="GGN" ind1=" " ind2=" ">
    <subfield code="a">Twingia</subfield>
    <subfield code="9">v:1078</subfield>
    <subfield code="A">GND</subfield>
    <subfield code="B">GND-040611477</subfield>
    <subfield code="C">451</subfield>
  </datafield>
  <datafield tag="GGN" ind1=" " ind2=" ">
    <subfield code="a">Tjubingen</subfield>
    <subfield code="A">GND</subfield>
    <subfield code="B">GND-040611477</subfield>
    <subfield code="C">451</subfield>
  </datafield>
  <datafield tag="GGN" ind1=" " ind2=" ">
    <subfield code="a">Universitätsstadt Tübingen</subfield>
    <subfield code="A">GND</subfield>
    <subfield code="B">GND-040611477</subfield>
    <subfield code="C">451</subfield>
  </datafield>
  <datafield tag="GGN" ind1=" " ind2=" ">
    <subfield code="a">Tubingae</subfield>
    <subfield code="A">GND</subfield>
    <subfield code="B">GND-040611477</subfield>
    <subfield code="C">451</subfield>
  </datafield>
  <datafield tag="GGN" ind1=" " ind2=" ">
    <subfield code="a">Tubinga</subfield>
    <subfield code="A">GND</subfield>
    <subfield code="B">GND-040611477</subfield>
    <subfield code="C">451</subfield>
  </datafield>
  <datafield tag="GGN" ind1=" " ind2=" ">
    <subfield code="a">Tüwingen</subfield>
    <subfield code="A">GND</subfield>
    <subfield code="B">GND-040611477</subfield>
    <subfield code="C">451</subfield>
  </datafield>
  <datafield tag="GGN" ind1=" " ind2=" ">
    <subfield code="a">Stadt Tübingen</subfield>
    <subfield code="A">GND</subfield>
    <subfield code="B">GND-040611477</subfield>
    <subfield code="C">451</subfield>
  </datafield>
  <datafield tag="GGN" ind1=" " ind2=" ">
    <subfield code="a">Tūbingin</subfield>
    <subfield code="A">GND</subfield>
    <subfield code="B">GND-040611477</subfield>
    <subfield code="C">451</subfield>
  </datafield>
  <datafield tag="GGN" ind1=" " ind2=" ">
    <subfield code="a">Tūbingan</subfield>
    <subfield code="A">GND</subfield>
    <subfield code="B">GND-040611477</subfield>
    <subfield code="C">451</subfield>
  </datafield>
  <datafield tag="GGN" ind1=" " ind2=" ">
    <subfield code="a">Tūbīnġin</subfield>
    <subfield code="A">GND</subfield>
    <subfield code="B">GND-040611477</subfield>
    <subfield code="C">451</subfield>
  </datafield>
  <datafield tag="GGN" ind1=" " ind2=" ">
    <subfield code="a">Tūbīnġan</subfield>
    <subfield code="A">GND</subfield>
    <subfield code="B">GND-040611477</subfield>
    <subfield code="C">451</subfield>
  </datafield>
  <datafield tag="GGN" ind1=" " ind2=" ">
    <subfield code="a">Tūbīngin</subfield>
    <subfield code="A">GND</subfield>
    <subfield code="B">GND-040611477</subfield>
    <subfield code="C">451</subfield>
  </datafield>
  <datafield tag="GGN" ind1=" " ind2=" ">
    <subfield code="9">U:Arab</subfield>
    <subfield code="9">L:ara</subfield>
    <subfield code="a">توبنگن</subfield>
    <subfield code="A">GND</subfield>
    <subfield code="B">GND-040611477</subfield>
    <subfield code="C">451</subfield>
  </datafield>
  <datafield tag="GGN" ind1=" " ind2=" ">
    <subfield code="9">U:Arab</subfield>
    <subfield code="9">L:ara</subfield>
    <subfield code="a">توبينغن</subfield>
    <subfield code="A">GND</subfield>
    <subfield code="B">GND-040611477</subfield>
    <subfield code="C">451</subfield>
  </datafield>
  <datafield tag="GGN" ind1=" " ind2=" ">
    <subfield code="9">U:Arab</subfield>
    <subfield code="9">L:per</subfield>
    <subfield code="a">توبینگن</subfield>
    <subfield code="A">GND</subfield>
    <subfield code="B">GND-040611477</subfield>
    <subfield code="C">451</subfield>
  </datafield>
  <datafield tag="GSI" ind1="7" ind2=" ">
    <subfield code="a">12533642X</subfield>
    <subfield code="0">http://d-nb.info/gnd/12533642X</subfield>
    <subfield code="2">gnd</subfield>
    <subfield code="A">GND</subfield>
    <subfield code="B">GND-12533642X</subfield>
    <subfield code="C">024</subfield>
  </datafield>
  <datafield tag="GKT" ind1="2" ind2=" ">
    <subfield code="a">Eberhard-Karls-Universität Tübingen</subfield>
    <subfield code="A">GND</subfield>
    <subfield code="B">GND-000361879</subfield>
    <subfield code="C">410</subfield>
  </datafield>
  <datafield tag="GKT" ind1="2" ind2=" ">
    <subfield code="a">Eberhard-Karls-Universität</subfield>
    <subfield code="A">GND</subfield>
    <subfield code="B">GND-000361879</subfield>
    <subfield code="C">410</subfield>
  </datafield>
  <datafield tag="GKT" ind1="2" ind2=" ">
    <subfield code="a">Württembergische Eberhard-Karls-Universität</subfield>
    <subfield code="A">GND</subfield>
    <subfield code="B">GND-000361879</subfield>
    <subfield code="C">410</subfield>
  </datafield>
  <datafield tag="GKT" ind1="2" ind2=" ">
    <subfield code="a">Alma Mater Tubingensis</subfield>
    <subfield code="A">GND</subfield>
    <subfield code="B">GND-000361879</subfield>
    <subfield code="C">410</subfield>
  </datafield>
  <datafield tag="GKT" ind1="2" ind2=" ">
    <subfield code="a">Königlich Württembergische Eberhard-Karls-Universität</subfield>
    <subfield code="A">GND</subfield>
    <subfield code="B">GND-000361879</subfield>
    <subfield code="C">410</subfield>
  </datafield>
  <datafield tag="GKT" ind1="2" ind2=" ">
    <subfield code="a">K. Eberhard-Karls-Universität</subfield>
    <subfield code="A">GND</subfield>
    <subfield code="B">GND-000361879</subfield>
    <subfield code="C">410</subfield>
  </datafield>
  <datafield tag="GKT" ind1="2" ind2=" ">
    <subfield code="a">Tjubingenskij universitet Karla-Ėbercharda</subfield>
    <subfield code="A">GND</subfield>
    <subfield code="B">GND-000361879</subfield>
    <subfield code="C">410</subfield>
  </datafield>
  <datafield tag="GKT" ind1="2" ind2=" ">
    <subfield code="a">Universitet Karla-Ėbercharda</subfield>
    <subfield code="A">GND</subfield>
    <subfield code="B">GND-000361879</subfield>
    <subfield code="C">410</subfield>
  </datafield>
  <datafield tag="GKT" ind1="2" ind2=" ">
    <subfield code="a">Eberhard-Karls-Hochschule</subfield>
    <subfield code="A">GND</subfield>
    <subfield code="B">GND-000361879</subfield>
    <subfield code="C">410</subfield>
  </datafield>
  <datafield tag="GKT" ind1="2" ind2=" ">
    <subfield code="a">Königlich Württembergische Eberhard-Karls-Hochschule</subfield>
    <subfield code="A">GND</subfield>
    <subfield code="B">GND-000361879</subfield>
    <subfield code="C">410</subfield>
  </datafield>
  <datafield tag="GKT" ind1="2" ind2=" ">
    <subfield code="a">Eberhard Karls University</subfield>
    <subfield code="A">GND</subfield>
    <subfield code="B">GND-000361879</subfield>
    <subfield code="C">410</subfield>
  </datafield>
  <datafield tag="GKT" ind1="2" ind2=" ">
    <subfield code="a">Université</subfield>
    <subfield code="g">Tübingen</subfield>
    <subfield code="A">GND</subfield>
    <subfield code="B">GND-000361879</subfield>
    <subfield code="C">410</subfield>
  </datafield>
  <datafield tag="GKT" ind1="2" ind2=" ">
    <subfield code="a">Württembergische Universität Tübingen</subfield>
    <subfield code="A">GND</subfield>
    <subfield code="B">GND-000361879</subfield>
    <subfield code="C">410</subfield>
  </datafield>
  <datafield tag="GKT" ind1="2" ind2=" ">
    <subfield code="a">Königliche Universität Tübingen</subfield>
    <subfield code="A">GND</subfield>
    <subfield code="B">GND-000361879</subfield>
    <subfield code="C">410</subfield>
  </datafield>
  <datafield tag="GKT" ind1="2" ind2=" ">
    <subfield code="a">Academia Tubingensis</subfield>
    <subfield code="A">GND</subfield>
    <subfield code="B">GND-000361879</subfield>
    <subfield code="C">410</subfield>
  </datafield>
  <datafield tag="GKT" ind1="2" ind2=" ">
    <subfield code="a">Academia</subfield>
    <subfield code="g">Tübingen</subfield>
    <subfield code="A">GND</subfield>
    <subfield code="B">GND-000361879</subfield>
    <subfield code="C">410</subfield>
  </datafield>
  <datafield tag="GKT" ind1="2" ind2=" ">
    <subfield code="a">Universitas Tubingensis</subfield>
    <subfield code="A">GND</subfield>
    <subfield code="B">GND-000361879</subfield>
    <subfield code="C">410</subfield>
  </datafield>
  <datafield tag="GKT" ind1="2" ind2=" ">
    <subfield code="a">Universitas</subfield>
    <subfield code="g">Tübingen</subfield>
    <subfield code="A">GND</subfield>
    <subfield code="B">GND-000361879</subfield>
    <subfield code="C">410</subfield>
  </datafield>
  <datafield tag="GKT" ind1="2" ind2=" ">
    <subfield code="a">Landesuniversität Tübingen</subfield>
    <subfield code="A">GND</subfield>
    <subfield code="B">GND-000361879</subfield>
    <subfield code="C">410</subfield>
  </datafield>
  <datafield tag="GKT" ind1="2" ind2=" ">
    <subfield code="a">Königlich Württembergische Universität Tübingen</subfield>
    <subfield code="A">GND</subfield>
    <subfield code="B">GND-000361879</subfield>
    <subfield code="C">410</subfield>
  </datafield>
  <datafield tag="GKT" ind1="2" ind2=" ">
    <subfield code="a">Univ. Tübingen</subfield>
    <subfield code="A">GND</subfield>
    <subfield code="B">GND-000361879</subfield>
    <subfield code="C">410</subfield>
  </datafield>
  <datafield tag="GKT" ind1="2" ind2=" ">
    <subfield code="a">University of Tübingen</subfield>
    <subfield code="A">GND</subfield>
    <subfield code="B">GND-000361879</subfield>
    <subfield code="C">410</subfield>
  </datafield>
  <datafield tag="GKT" ind1="2" ind2=" ">
    <subfield code="a">Accademia Tubingensis</subfield>
    <subfield code="A">GND</subfield>
    <subfield code="B">GND-000361879</subfield>
    <subfield code="C">410</subfield>
  </datafield>
  <datafield tag="GKT" ind1="2" ind2=" ">
    <subfield code="a">Accademia</subfield>
    <subfield code="g">Tübingen</subfield>
    <subfield code="A">GND</subfield>
    <subfield code="B">GND-000361879</subfield>
    <subfield code="C">410</subfield>
  </datafield>
  <datafield tag="GKT" ind1="2" ind2=" ">
    <subfield code="a">University of Tubingen</subfield>
    <subfield code="A">GND</subfield>
    <subfield code="B">GND-000361879</subfield>
    <subfield code="C">410</subfield>
  </datafield>
  <datafield tag="GKT" ind1="2" ind2=" ">
    <subfield code="a">Tübingen University</subfield>
    <subfield code="A">GND</subfield>
    <subfield code="B">GND-000361879</subfield>
    <subfield code="C">410</subfield>
  </datafield>
  <datafield tag="GKT" ind1="2" ind2=" ">
    <subfield code="a">K. Universität Tübingen</subfield>
    <subfield code="A">GND</subfield>
    <subfield code="B">GND-000361879</subfield>
    <subfield code="C">410</subfield>
  </datafield>
  <datafield tag="GKT" ind1="2" ind2=" ">
    <subfield code="a">Königliche Eberhard-Karls-Universität</subfield>
    <subfield code="A">GND</subfield>
    <subfield code="B">GND-000361879</subfield>
    <subfield code="C">410</subfield>
  </datafield>
  <datafield tag="GKT" ind1="2" ind2=" ">
    <subfield code="a">Tuebingen University</subfield>
    <subfield code="A">GND</subfield>
    <subfield code="B">GND-000361879</subfield>
    <subfield code="C">410</subfield>
  </datafield>
  <datafield tag="GKT" ind1="2" ind2=" ">
    <subfield code="a">Universität Tübingen</subfield>
    <subfield code="A">GND</subfield>
    <subfield code="B">GND-000361879</subfield>
    <subfield code="C">410</subfield>
  </datafield>
  <datafield tag="GKT" ind1="2" ind2=" ">
    <subfield code="a">University of Tuebingen</subfield>
    <subfield code="A">GND</subfield>
    <subfield code="B">GND-000361879</subfield>
    <subfield code="C">410</subfield>
  </datafield>
  <datafield tag="GKT" ind1="2" ind2=" ">
    <subfield code="a">Ernst Bloch Universität Tübingen</subfield>
    <subfield code="A">GND</subfield>
    <subfield code="B">GND-000361879</subfield>
    <subfield code="C">410</subfield>
  </datafield>
  <datafield tag="GSI" ind1="7" ind2=" ">
    <subfield code="a">36187-2</subfield>
    <subfield code="0">http://d-nb.info/gnd/36187-2</subfield>
    <subfield code="2">gnd</subfield>
    <subfield code="A">GND</subfield>
    <subfield code="B">GND-000361879</subfield>
    <subfield code="C">024</subfield>
  </datafield>
  <datafield tag="GSI" ind1="7" ind2=" ">
    <subfield code="a">0000 0001 2190 1447</subfield>
    <subfield code="2">isni</subfield>
    <subfield code="A">GND</subfield>
    <subfield code="B">GND-000361879</subfield>
    <subfield code="C">024</subfield>
  </datafield>
  <datafield tag="GSI" ind1="7" ind2=" ">
    <subfield code="a">Q153978</subfield>
    <subfield code="2">wikidata</subfield>
    <subfield code="A">GND</subfield>
    <subfield code="B">GND-000361879</subfield>
    <subfield code="C">024</subfield>
  </datafield>
  <datafield tag="GSI" ind1="7" ind2=" ">
    <subfield code="a">03a1kwz48</subfield>
    <subfield code="2">ror</subfield>
    <subfield code="A">GND</subfield>
    <subfield code="B">GND-000361879</subfield>
    <subfield code="C">024</subfield>
  </datafield>
</record>
